%% This BibTeX bibliography file was created using BibDesk.
%% http://bibdesk.sourceforge.net/


%% Created for 阿茲 at 2012-09-14 15:05:12 +0800 


%% Saved with string encoding Unicode (UTF-8) 


@inproceedings{YOLOv3,
  author    = {Joseph Redmon and Ali Farhadi},
  title     = {YOLOv3: An Incremental Improvement},
  journal   = {CoRR},
  volume    = {abs/1804.02767},
  year      = {2018},
  url       = {http://arxiv.org/abs/1804.02767},
  archivePrefix = {arXiv},
  eprint    = {1804.02767},
  timestamp = {Mon, 13 Aug 2018 16:48:24 +0200},
  biburl    = {https://dblp.org/rec/bib/journals/corr/abs-1804-02767},
  bibsource = {dblp computer science bibliography, https://dblp.org}
}

@inproceedings{7399427,
author = {C. Yao and S. Hung and G. Li and I. Chen and R. Adhitya and Y. Lai},
journal = {IEEE Transactions on Visualization & Computer Graphics},
title = {Manga Vectorization and Manipulation with Procedural Simple Screentone},
year = {2017},
pages = {1070-1084},
keywords={Image color analysis;Real-time systems;Rendering (computer graphics);Lighting;Solids;Semantics;Color},
doi = {10.1109/TVCG.2016.2525774},
url = {doi.ieeecomputersociety.org/10.1109/TVCG.2016.2525774},
ISSN = {1077-2626},
month={Feb.}
}

@inproceedings{RedmonF17,
  author    = {Joseph Redmon and Ali Farhadi},
  title     = {YOLO9000: Better, Faster, Stronger},
  booktitle = {2017 (IEEE) Conference on Computer Vision and Pattern Recognition,(CVPR) 2017, Honolulu, HI, USA, July 21-26, 2017},
  pages     = {6517--6525},
  year      = {2017},
  url       = {https://doi.org/10.1109/CVPR.2017.690},
  doi       = {10.1109/CVPR.2017.690},
  timestamp = {Tue, 14 Nov 2017 09:55:57 +0100},
  biburl    = {https://dblp.org/rec/bib/conf/cvpr/RedmonF17},
  bibsource = {dblp computer science bibliography, https://dblp.org}
}

@article{DBLP:journals/corr/HeZRS15,
  author    = {Kaiming He and Xiangyu Zhang and Shaoqing Ren and Jian Sun},
  title     = {Deep Residual Learning for Image Recognition},
  journal   = {CoRR},
  volume    = {abs/1512.03385},
  year      = {2015},
  url       = {http://arxiv.org/abs/1512.03385},
  archivePrefix = {arXiv},
  eprint    = {1512.03385},
  timestamp = {Mon, 13 Aug 2018 16:46:56 +0200},
  biburl    = {https://dblp.org/rec/bib/journals/corr/HeZRS15},
  bibsource = {dblp computer science bibliography, https://dblp.org}
}

@inproceedings{Chen:etal:IROS2017,
title	= {Only Look Once, Mining Distinctive Landmarks from {ConvNet} for Visual Place Recognition},
author	= {Zetao Chen and Fabiola Maffra and Inkyu Sa and Margarita Chli},
booktitle	= {Proceedings of the {IEEE/RSJ} Conference on Intelligent Robots and Systems ({IROS})},
year	= {2017}
}

@article{DBLP:journals/corr/ZeilerF13,
  author    = {Matthew D. Zeiler and Rob Fergus},
  title     = {Visualizing and Understanding Convolutional Networks},
  journal   = {CoRR},
  volume    = {abs/1311.2901},
  year      = {2013},
  url       = {http://arxiv.org/abs/1311.2901},
  archivePrefix = {arXiv},
  eprint    = {1311.2901},
  timestamp = {Mon, 13 Aug 2018 16:48:37 +0200},
  biburl    = {https://dblp.org/rec/bib/journals/corr/ZeilerF13},
  bibsource = {dblp computer science bibliography, https://dblp.org}
}

@article{DBLP:journals/corr/abs-1804-11191,
  author    = {Zhuwei Qin and
               Fuxun Yu and
               Chenchen Liu and
               Xiang Chen},
  title     = {How convolutional neural network see the world - {A} survey of convolutional
               neural network visualization methods},
  journal   = {CoRR},
  volume    = {abs/1804.11191},
  year      = {2018},
  url       = {http://arxiv.org/abs/1804.11191},
  archivePrefix = {arXiv},
  eprint    = {1804.11191},
  timestamp = {Mon, 13 Aug 2018 16:48:19 +0200},
  biburl    = {https://dblp.org/rec/bib/journals/corr/abs-1804-11191},
  bibsource = {dblp computer science bibliography, https://dblp.org}
}

@inproceedings{Roesch2017VisualizationON,
  title={Visualization of Neural Network Predictions for Weather Forecasting},
  author={Isabelle Roesch and Tobias G{\"u}nther},
  booktitle={VMV},
  year={2017}
}